<?xml version="1.0" encoding="UTF-8" ?>
<collection xmlns:xsi="http://www.w3.org/2001/XMLSchema-instance"
    xsi:schemaLocation="http://www.loc.gov/MARC21/slim
        http://www.loc.gov/standards/marcxml/schema/MARC21slim.xsd"
    xmlns="http://www.loc.gov/MARC21/slim">
<record>
  <leader>00272cam a2200529 i 4500</leader>
  <controlfield tag="001">b1245395x</controlfield>
  <controlfield tag="003">LeBAU</controlfield>
  <controlfield tag="005">20190930</controlfield>
  <controlfield tag="008">970521s1955    le       b    ||1 0 ara d</controlfield>
  <datafield tag="035" ind1=" " ind2=" ">
    <subfield code="a">ocn784324095</subfield>
  </datafield>
  <datafield tag="040" ind1=" " ind2=" ">
    <subfield code="a">LEAUB</subfield>
    <subfield code="b">ara</subfield>
    <subfield code="e">rda</subfield>
    <subfield code="c">LEAUB</subfield>
    <subfield code="d">LEAUB</subfield>
  </datafield>
  <datafield tag="043" ind1=" " ind2=" ">
    <subfield code="a">aw-----</subfield>
  </datafield>
  <datafield tag="082" ind1="0" ind2="4">
    <subfield code="a">370.1</subfield>
    <subfield code="2">23</subfield>
  </datafield>
  <datafield tag="100" ind1="1" ind2=" ">
    <subfield code="6">880-01</subfield>
    <subfield code="a">Shahlā, Jūrj.</subfield>
    <subfield code="e">author.</subfield>
    <subfield code="0">https://lccn.loc.gov/nr90017105 ,</subfield>
  </datafield>
  <datafield tag="245" ind1="1" ind2="0">
    <subfield code="6">880-02</subfield>
    <subfield code="a">al-Waʻy al-tarbawī wa-mustaqbal al-bilād al-ʻArabīyah /</subfield>
    <subfield code="c">taʼlīf Jūrj Shahlā, ustādh fī al-ʻulūm, Bayrūt; ustādh fī al-ʻulūm, Landan, aḥad asātidhat al-tarbiyah fī al-Jāmiʻah al-Amīrkīyah fī Bayrūt, ʻAbd al-Samīʻ Ḥurbulī, ustādh fī al-ʻulūm, Bayrūt; wa-duktūrāh fī al-tarbiyah, Niyū Yūrk, akhiṣṣāʼī bi-barnāmaj al-tarbiyah fī al-Yūniskū, Bārīs, Almās Shahlā Ḥanānīyah, bakalūryūs fī al-ʻulūm, Bayrūt; wa-shahādah wa-diblūm fī al-tarbiyah, Landan.</subfield>
  </datafield>
  <datafield tag="250" ind1=" " ind2=" ">
    <subfield code="6">880-03</subfield>
    <subfield code="a">al-Ṭabʻah al-ūlá.</subfield>
  </datafield>
  <datafield tag="264" ind1=" " ind2="1">
    <subfield code="6">880-04</subfield>
    <subfield code="a">Bayrūt :</subfield>
    <subfield code="b">[Jūrj Shahlā, ʻAbd al-Samīʻ Ḥurbulī, Almās Shahlā Ḥanānīyah],</subfield>
    <subfield code="c">1955.</subfield>
  </datafield>
  <datafield tag="300" ind1=" " ind2=" ">
    <subfield code="6">880-05</subfield>
    <subfield code="a">590 pages ;</subfield>
    <subfield code="c">25 cm</subfield>
  </datafield>
  <datafield tag="336" ind1=" " ind2=" ">
    <subfield code="a">text</subfield>
    <subfield code="b">txt</subfield>
    <subfield code="2">rdacontent</subfield>
  </datafield>
  <datafield tag="337" ind1=" " ind2=" ">
    <subfield code="a">unmediated</subfield>
    <subfield code="b">n</subfield>
    <subfield code="2">rdamedia</subfield>
  </datafield>
  <datafield tag="338" ind1=" " ind2=" ">
    <subfield code="a">volume</subfield>
    <subfield code="b">nc</subfield>
    <subfield code="2">rdacarrier</subfield>
  </datafield>
  <datafield tag="504" ind1=" " ind2=" ">
    <subfield code="a">يتضمن مراجع ببليوغرافية (صفحات 570-577) وكشاف.</subfield>
  </datafield>
  <datafield tag="650" ind1=" " ind2="4">
    <subfield code="a">التربية</subfield>
    <subfield code="z">البلدان العربية.</subfield>
  </datafield>
  <datafield tag="650" ind1=" " ind2="4">
    <subfield code="a">التربية</subfield>
    <subfield code="x">فلسفة.</subfield>
  </datafield>
  <datafield tag="650" ind1=" " ind2="0">
    <subfield code="a">Education</subfield>
    <subfield code="z">Arab countries.</subfield>
  </datafield>
  <datafield tag="650" ind1=" " ind2="0">
    <subfield code="a">Education</subfield>
    <subfield code="x">Philosophy.</subfield>
  </datafield>
  <datafield tag="700" ind1="1" ind2=" ">
    <subfield code="6">880-06</subfield>
    <subfield code="a">Ḥurbulī, ʻAbd al-Samīʻ.</subfield>
    <subfield code="e">author.</subfield>
    <subfield code="0">https://lccn.loc.gov/nr94029047 ,</subfield>
  </datafield>
  <datafield tag="700" ind1="1" ind2=" ">
    <subfield code="6">880-07</subfield>
    <subfield code="a">Ḥanānīyah, Almās Shahlā.</subfield>
    <subfield code="e">author.</subfield>
    <subfield code="0">https://lccn.loc.gov/nr94028698 ,</subfield>
  </datafield>
  <datafield tag="775" ind1="0" ind2="8">
    <subfield code="6">880-08</subfield>
    <subfield code="i">is revised as</subfield>
    <subfield code="4">http://rdaregistry.info/Elements/e/P20211 :</subfield>
    <subfield code="a">Shahlā, Jūrj.</subfield>
    <subfield code="t">Waʻy al-tarbawī wa-mustaqbal al-bilād al-ʻArabīyah.</subfield>
    <subfield code="b">al-Ṭabʻah al-rābiʻah, mazīdah wa-munaqqaḥah.</subfield>
    <subfield code="d">Bayrūt : Dār al-ʻIlm lil-Malāyīn, 1978</subfield>
    <subfield code="w">(OCoLC)784324094</subfield>
    <subfield code="w">(OCoLC)784324094</subfield>
  </datafield>
  <datafield tag="775" ind1="0" ind2="8">
    <subfield code="6">880-09</subfield>
    <subfield code="i">is revised as</subfield>
    <subfield code="4">http://rdaregistry.info/Elements/e/P20211 :</subfield>
    <subfield code="a">Shahlā, Jūrj.</subfield>
    <subfield code="t">Waʻy al-tarbawī wa-mustaqbal al-bilād al-ʻArabīyah.</subfield>
    <subfield code="b">al-Ṭabʻah al-thāniyah, munaqqaḥah.</subfield>
    <subfield code="d">Bayrūt : Maktabat Raʼs Bayrūt، [1961]</subfield>
    <subfield code="w">(OCoLC)784324102</subfield>
    <subfield code="w">(OCoLC)784324102</subfield>
  </datafield>
  <datafield tag="852" ind1=" " ind2=" ">
    <subfield code="a">Jafet Library</subfield>
    <subfield code="e">American University of Beirut, Bliss Street , Beirut, Lebanon.</subfield>
  </datafield>
  <datafield tag="852" ind1=" " ind2=" ">
    <subfield code="a">Jafet Archives and Special Collections</subfield>
    <subfield code="e">American University of Beirut, Bliss Street , Beirut, Lebanon.</subfield>
  </datafield>
  <datafield tag="880" ind1="1" ind2=" ">
    <subfield code="6">100-01/(3/r</subfield>
    <subfield code="a">شهلا، جورج،</subfield>
    <subfield code="0">https://lccn.loc.gov/nr90017105 ,</subfield>
    <subfield code="e">مؤلف. </subfield>
    <subfield code="4">aut.</subfield>
  </datafield>
  <datafield tag="880" ind1="1" ind2="3">
    <subfield code="6">245-02/(3/r</subfield>
    <subfield code="a">الوعي التربوي ومستقبل البلاد العربية /</subfield>
    <subfield code="c">تأليف جورج شهلا، أستاذ في العلوم، بيروت؛ أستاذ في العلوم، لندن، أحد أساتذة التربية في الجامعة الأميركية في بيروت، عبد السميع حربلي، أستاذ في العلوم، بيروت؛ ودكتوراه في التربية، نيويورك، اخصائي ببرنامج التربية في اليونسكو، باريس، ألماس شهلا حنانيا، بكالوريوس في العلوم، بيروت؛ وشهاده ودبلوم في التربية، لندن.</subfield>
  </datafield>
  <datafield tag="880" ind1=" " ind2=" ">
    <subfield code="6">250-03/(3/r</subfield>
    <subfield code="a">الطبعة الأولى.</subfield>
  </datafield>
  <datafield tag="880" ind1=" " ind2="1">
    <subfield code="6">264-04/(3/r</subfield>
    <subfield code="a">بيروت :</subfield>
    <subfield code="b">[شهلا، جورج، عبد السميع حربلي، ألماس شهلا حنانيا]،</subfield>
    <subfield code="c">1955.</subfield>
  </datafield>
  <datafield tag="880" ind1=" " ind2=" ">
    <subfield code="6">300-05/(3/r</subfield>
    <subfield code="a">590 صفحة ؛</subfield>
    <subfield code="c">25 سم</subfield>
  </datafield>
  <datafield tag="880" ind1="1" ind2=" ">
    <subfield code="6">700-06/(3/r</subfield>
    <subfield code="a">حربلي، عبد السميع،</subfield>
    <subfield code="0">https://lccn.loc.gov/nr94029047 ,</subfield>
    <subfield code="e">مؤلف. </subfield>
    <subfield code="4">aut.</subfield>
  </datafield>
  <datafield tag="880" ind1="1" ind2=" ">
    <subfield code="6">700-07/(3/r</subfield>
    <subfield code="a">شهلا حنانيا، ألماس،</subfield>
    <subfield code="0">https://lccn.loc.gov/nr94028698 ,</subfield>
    <subfield code="e">مؤلف. </subfield>
    <subfield code="4">aut.</subfield>
  </datafield>
  <datafield tag="880" ind1="0" ind2="8">
    <subfield code="6">775-08/(3/r</subfield>
    <subfield code="i">منقحة</subfield>
    <subfield code="4">http://rdaregistry.info/Elements/e/P20211 :</subfield>
    <subfield code="a">شهلا، جورج.</subfield>
    <subfield code="t">الوعي التربوي ومستقبل البلاد العربية.</subfield>
    <subfield code="b">الطبعة الرابعة، مزيدة ومنقحة.</subfield>
    <subfield code="d">بيروت : دار العلم للملايين، 1978</subfield>
    <subfield code="w">(LEAUB)b12453948</subfield>
    <subfield code="w">(OCoLC)784324094</subfield>
  </datafield>
  <datafield tag="880" ind1="0" ind2="8">
    <subfield code="6">775-09/(3/r</subfield>
    <subfield code="i">منقحة</subfield>
    <subfield code="4">http://rdaregistry.info/Elements/e/P20211 :</subfield>
    <subfield code="a">شهلا، جورج.</subfield>
    <subfield code="t">الوعي التربوي ومستقبل البلاد العربية.</subfield>
    <subfield code="b">الطبعة الثانية، منقحة.</subfield>
    <subfield code="d">بيروت : مكتبة رأس بيروت، [1961]</subfield>
    <subfield code="w">(LEAUB)b1245400x</subfield>
    <subfield code="w">(OCoLC)784324102</subfield>
  </datafield>
  <datafield tag="907" ind1=" " ind2=" ">
    <subfield code="a">.b1245395x</subfield>
    <subfield code="b">19-11-26</subfield>
    <subfield code="c">11-05-24</subfield>
  </datafield>
  <datafield tag="907" ind1=" " ind2=" ">
    <subfield code="a">.b1245395x</subfield>
    <subfield code="b">15-10-15</subfield>
    <subfield code="c">11-05-24</subfield>
  </datafield>
  <datafield tag="945" ind1=" " ind2=" ">
    <subfield code="f">CA</subfield>
    <subfield code="a">370.1:S525wA:c.1</subfield>
    <subfield code="i">01065677</subfield>
    <subfield code="j">.i12932425</subfield>
    <subfield code="l">u0304</subfield>
  </datafield>
  <datafield tag="945" ind1=" " ind2=" ">
    <subfield code="f">J</subfield>
    <subfield code="a">370.1:S525wA:c.1</subfield>
    <subfield code="i">01021572</subfield>
    <subfield code="j">.i12932401</subfield>
    <subfield code="l">u0503</subfield>
  </datafield>
  <datafield tag="945" ind1=" " ind2=" ">
    <subfield code="f">J</subfield>
    <subfield code="a">370.1:S525wA:c.2</subfield>
    <subfield code="i">01021573</subfield>
    <subfield code="j">.i12932413</subfield>
    <subfield code="l">u0503</subfield>
  </datafield>
  <datafield tag="998" ind1=" " ind2=" ">
    <subfield code="a">u03</subfield>
    <subfield code="a">(2)u05</subfield>
    <subfield code="b">97-05-21</subfield>
    <subfield code="c">m</subfield>
    <subfield code="d">a  </subfield>
    <subfield code="e">-</subfield>
    <subfield code="f">ara</subfield>
    <subfield code="g">le </subfield>
    <subfield code="h">0</subfield>
    <subfield code="i">3</subfield>
  </datafield>
</record>
</collection>
